@online{test,
title = {test.nu},
howpublished = "\url{https://www.something.nu}",
note= {Accessed 26-05-2023},
}